<record><leader>00000cas a22000007a 4500</leader><controlfield tag="001">15345303</controlfield><controlfield tag="008">870319d190u1914inudn ne      0    0eng d</controlfield><datafield ind1=" " ind2=" " tag="010"><subfield code="a">sn 87055683 </subfield></datafield><datafield ind1=" " ind2=" " tag="040"><subfield code="a">NPI</subfield><subfield code="b">eng</subfield><subfield code="c">NPI</subfield><subfield code="d">OCLCQ</subfield><subfield code="d">IUL</subfield></datafield><datafield ind1=" " ind2=" " tag="042"><subfield code="a">msc</subfield></datafield><datafield ind1="0" ind2=" " tag="130"><subfield code="a">Kokomo dispatch (Kokomo, Ind. : Daily : 1907)</subfield></datafield><datafield ind1="1" ind2="4" tag="245"><subfield code="a">The Kokomo dispatch.</subfield></datafield><datafield ind1=" " ind2=" " tag="260"><subfield code="a">Kokomo, Ind. :</subfield><subfield code="b">J.O. &amp; H.E. Henderson,</subfield><subfield code="c">-1914.</subfield></datafield><datafield ind1=" " ind2=" " tag="310"><subfield code="a">Daily (except Mon.),</subfield><subfield code="b">&lt;Oct. 28, 1914&gt;-Dec. 31, 1914</subfield></datafield><datafield ind1=" " ind2=" " tag="321"><subfield code="a">Daily (except Sun.)</subfield></datafield><datafield ind1="0" ind2=" " tag="362"><subfield code="a">-29th year (Dec. 31, 1914).</subfield></datafield><datafield ind1=" " ind2=" " tag="580"><subfield code="a">Also published in a weekly/semiweekly ed. called: Kokomo dispatch.</subfield></datafield><datafield ind1=" " ind2=" " tag="588"><subfield code="a">Description based on: Vol. 18, no. 75 (Jan. 3, 1907).</subfield></datafield><datafield ind1=" " ind2=" " tag="752"><subfield code="a">United States</subfield><subfield code="b">Indiana</subfield><subfield code="c">Howard</subfield><subfield code="d">Kokomo.</subfield></datafield><datafield ind1="1" ind2=" " tag="775"><subfield code="t">Kokomo dispatch (Kokomo, Ind. : Weekly)</subfield><subfield code="w">(DLC)sn 87055666</subfield><subfield code="w">(OCoLC)15345243</subfield></datafield><datafield ind1="0" ind2="0" tag="780"><subfield code="t">Kokomo daily dispatch (Kokomo, Ind. : 1890)</subfield><subfield code="w">(DLC)sn 87055667</subfield><subfield code="w">(OCoLC)15345335</subfield></datafield><datafield ind1="0" ind2="0" tag="785"><subfield code="t">Kokomo daily dispatch (Kokomo, Ind. : 1915)</subfield><subfield code="w">(DLC)sn 84045452</subfield><subfield code="w">(OCoLC)11339446</subfield></datafield></record>